%YAML 1.1
%TAG !u! tag:unity3d.com,2011:
--- !u!1 &5612863282415006037
GameObject:
  m_ObjectHideFlags: 0
  m_CorrespondingSourceObject: {fileID: 0}
  m_PrefabInstance: {fileID: 0}
  m_PrefabAsset: {fileID: 0}
  serializedVersion: 6
  m_Component:
  - component: {fileID: 4261997677231284909}
  - component: {fileID: 1931013375996574522}
  m_Layer: 0
  m_Name: Leaf I (S) (1_2)
  m_TagString: Untagged
  m_Icon: {fileID: 0}
  m_NavMeshLayer: 0
  m_StaticEditorFlags: 0
  m_IsActive: 1
--- !u!4 &4261997677231284909
Transform:
  m_ObjectHideFlags: 0
  m_CorrespondingSourceObject: {fileID: 0}
  m_PrefabInstance: {fileID: 0}
  m_PrefabAsset: {fileID: 0}
  m_GameObject: {fileID: 5612863282415006037}
  m_LocalRotation: {x: 0, y: 0, z: 0, w: 1}
  m_LocalPosition: {x: -19, y: 561, z: 0}
  m_LocalScale: {x: 79, y: 79, z: 0.79}
  m_Children:
  - {fileID: 4445270785242530899}
  - {fileID: 2084351941673299469}
  m_Father: {fileID: 0}
  m_RootOrder: 0
  m_LocalEulerAnglesHint: {x: 0, y: 0, z: 0}
--- !u!212 &1931013375996574522
SpriteRenderer:
  m_ObjectHideFlags: 0
  m_CorrespondingSourceObject: {fileID: 0}
  m_PrefabInstance: {fileID: 0}
  m_PrefabAsset: {fileID: 0}
  m_GameObject: {fileID: 5612863282415006037}
  m_Enabled: 1
  m_CastShadows: 0
  m_ReceiveShadows: 0
  m_DynamicOccludee: 1
  m_MotionVectors: 1
  m_LightProbeUsage: 1
  m_ReflectionProbeUsage: 1
  m_RenderingLayerMask: 1
  m_RendererPriority: 0
  m_Materials:
  - {fileID: 10754, guid: 0000000000000000f000000000000000, type: 0}
  m_StaticBatchInfo:
    firstSubMesh: 0
    subMeshCount: 0
  m_StaticBatchRoot: {fileID: 0}
  m_ProbeAnchor: {fileID: 0}
  m_LightProbeVolumeOverride: {fileID: 0}
  m_ScaleInLightmap: 1
  m_PreserveUVs: 0
  m_IgnoreNormalsForChartDetection: 0
  m_ImportantGI: 0
  m_StitchLightmapSeams: 0
  m_SelectedEditorRenderState: 0
  m_MinimumChartSize: 4
  m_AutoUVMaxDistance: 0.5
  m_AutoUVMaxAngle: 89
  m_LightmapParameters: {fileID: 0}
  m_SortingLayerID: 0
  m_SortingLayer: 0
  m_SortingOrder: 0
  m_Sprite: {fileID: 21300000, guid: 9464410007b773647ac73258ef06cc4f, type: 3}
  m_Color: {r: 0.36311856, g: 0.6699939, b: 0.9056604, a: 1}
  m_FlipX: 0
  m_FlipY: 0
  m_DrawMode: 0
  m_Size: {x: 1, y: 1}
  m_AdaptiveModeThreshold: 0.5
  m_SpriteTileMode: 0
  m_WasSpriteAssigned: 1
  m_MaskInteraction: 0
  m_SpriteSortPoint: 0
--- !u!1001 &285916120971466819
PrefabInstance:
  m_ObjectHideFlags: 0
  serializedVersion: 2
  m_Modification:
    m_TransformParent: {fileID: 4261997677231284909}
    m_Modifications:
    - target: {fileID: 5612863282415006037}
      propertyPath: m_Name
      value: Flower I (Spoiled Bit)
      objectReference: {fileID: 0}
    - target: {fileID: 4261997677231284909}
      propertyPath: m_LocalPosition.x
      value: 0
      objectReference: {fileID: 0}
    - target: {fileID: 4261997677231284909}
      propertyPath: m_LocalPosition.y
      value: 1.047
      objectReference: {fileID: 0}
    - target: {fileID: 4261997677231284909}
      propertyPath: m_LocalPosition.z
      value: 0
      objectReference: {fileID: 0}
    - target: {fileID: 4261997677231284909}
      propertyPath: m_LocalRotation.x
      value: -0
      objectReference: {fileID: 0}
    - target: {fileID: 4261997677231284909}
      propertyPath: m_LocalRotation.y
      value: -0
      objectReference: {fileID: 0}
    - target: {fileID: 4261997677231284909}
      propertyPath: m_LocalRotation.z
      value: -0
      objectReference: {fileID: 0}
    - target: {fileID: 4261997677231284909}
      propertyPath: m_LocalRotation.w
      value: 1
      objectReference: {fileID: 0}
    - target: {fileID: 4261997677231284909}
      propertyPath: m_RootOrder
      value: 0
      objectReference: {fileID: 0}
    - target: {fileID: 4261997677231284909}
      propertyPath: m_LocalEulerAnglesHint.x
      value: 0
      objectReference: {fileID: 0}
    - target: {fileID: 4261997677231284909}
      propertyPath: m_LocalEulerAnglesHint.y
      value: 0
      objectReference: {fileID: 0}
    - target: {fileID: 4261997677231284909}
      propertyPath: m_LocalEulerAnglesHint.z
      value: 0
      objectReference: {fileID: 0}
    - target: {fileID: 4261997677231284909}
      propertyPath: m_LocalScale.x
      value: 1
      objectReference: {fileID: 0}
    - target: {fileID: 4261997677231284909}
      propertyPath: m_LocalScale.y
      value: 1
      objectReference: {fileID: 0}
    - target: {fileID: 4261997677231284909}
      propertyPath: m_LocalScale.z
      value: 1
      objectReference: {fileID: 0}
    - target: {fileID: 1931013375996574522}
      propertyPath: m_Color.r
      value: 0.34509805
      objectReference: {fileID: 0}
    - target: {fileID: 1931013375996574522}
      propertyPath: m_Color.g
      value: 0.39019102
      objectReference: {fileID: 0}
    - target: {fileID: 1931013375996574522}
      propertyPath: m_Color.b
      value: 0.68235296
      objectReference: {fileID: 0}
    - target: {fileID: 4487556689159150702, guid: a62bd41daf015eb4098917a7d387ab43,
        type: 3}
      propertyPath: m_Name
      value: Flower I (Spoiled Bit)
      objectReference: {fileID: 0}
    - target: {fileID: 4487556689159150608, guid: a62bd41daf015eb4098917a7d387ab43,
        type: 3}
      propertyPath: m_LocalRotation.x
      value: -0
      objectReference: {fileID: 0}
    - target: {fileID: 4487556689159150608, guid: a62bd41daf015eb4098917a7d387ab43,
        type: 3}
      propertyPath: m_LocalRotation.y
      value: -0
      objectReference: {fileID: 0}
    - target: {fileID: 4487556689159150608, guid: a62bd41daf015eb4098917a7d387ab43,
        type: 3}
      propertyPath: m_LocalRotation.z
      value: -0
      objectReference: {fileID: 0}
    - target: {fileID: 4487556689159150608, guid: a62bd41daf015eb4098917a7d387ab43,
        type: 3}
      propertyPath: m_LocalPosition.x
      value: 0
      objectReference: {fileID: 0}
    - target: {fileID: 4487556689159150608, guid: a62bd41daf015eb4098917a7d387ab43,
        type: 3}
      propertyPath: m_LocalPosition.y
      value: 1.047
      objectReference: {fileID: 0}
    - target: {fileID: 4487556689159150608, guid: a62bd41daf015eb4098917a7d387ab43,
        type: 3}
      propertyPath: m_LocalScale.x
      value: 1
      objectReference: {fileID: 0}
    - target: {fileID: 4487556689159150608, guid: a62bd41daf015eb4098917a7d387ab43,
        type: 3}
      propertyPath: m_LocalScale.y
      value: 1
      objectReference: {fileID: 0}
    - target: {fileID: 4487556689159150608, guid: a62bd41daf015eb4098917a7d387ab43,
        type: 3}
      propertyPath: m_LocalScale.z
      value: 1
      objectReference: {fileID: 0}
    - target: {fileID: 4487556689159150609, guid: a62bd41daf015eb4098917a7d387ab43,
        type: 3}
      propertyPath: m_Color.r
      value: 0.34509805
      objectReference: {fileID: 0}
    - target: {fileID: 4487556689159150609, guid: a62bd41daf015eb4098917a7d387ab43,
        type: 3}
      propertyPath: m_Color.g
      value: 0.39019102
      objectReference: {fileID: 0}
    - target: {fileID: 4487556689159150609, guid: a62bd41daf015eb4098917a7d387ab43,
        type: 3}
      propertyPath: m_Color.b
      value: 0.68235296
      objectReference: {fileID: 0}
    m_RemovedComponents: []
  m_SourcePrefab: {fileID: 100100000, guid: a62bd41daf015eb4098917a7d387ab43, type: 3}
--- !u!4 &4445270785242530899 stripped
Transform:
  m_CorrespondingSourceObject: {fileID: 4487556689159150608, guid: a62bd41daf015eb4098917a7d387ab43,
    type: 3}
  m_PrefabInstance: {fileID: 285916120971466819}
  m_PrefabAsset: {fileID: 0}
--- !u!1001 &2497837549701526045
PrefabInstance:
  m_ObjectHideFlags: 0
  serializedVersion: 2
  m_Modification:
    m_TransformParent: {fileID: 4261997677231284909}
    m_Modifications:
    - target: {fileID: 5612863282415006037}
      propertyPath: m_Name
      value: Leaf I (S) (2/2)
      objectReference: {fileID: 0}
    - target: {fileID: 4261997677231284909}
      propertyPath: m_LocalPosition.x
      value: -1.047
      objectReference: {fileID: 0}
    - target: {fileID: 4261997677231284909}
      propertyPath: m_LocalPosition.y
      value: 1.0470002
      objectReference: {fileID: 0}
    - target: {fileID: 4261997677231284909}
      propertyPath: m_LocalPosition.z
      value: 0
      objectReference: {fileID: 0}
    - target: {fileID: 4261997677231284909}
      propertyPath: m_LocalRotation.x
      value: -0
      objectReference: {fileID: 0}
    - target: {fileID: 4261997677231284909}
      propertyPath: m_LocalRotation.y
      value: -0
      objectReference: {fileID: 0}
    - target: {fileID: 4261997677231284909}
      propertyPath: m_LocalRotation.z
      value: -0
      objectReference: {fileID: 0}
    - target: {fileID: 4261997677231284909}
      propertyPath: m_LocalRotation.w
      value: 1
      objectReference: {fileID: 0}
    - target: {fileID: 4261997677231284909}
      propertyPath: m_RootOrder
      value: 1
      objectReference: {fileID: 0}
    - target: {fileID: 4261997677231284909}
      propertyPath: m_LocalEulerAnglesHint.x
      value: 0
      objectReference: {fileID: 0}
    - target: {fileID: 4261997677231284909}
      propertyPath: m_LocalEulerAnglesHint.y
      value: 0
      objectReference: {fileID: 0}
    - target: {fileID: 4261997677231284909}
      propertyPath: m_LocalEulerAnglesHint.z
      value: 0
      objectReference: {fileID: 0}
    - target: {fileID: 4261997677231284909}
      propertyPath: m_LocalScale.x
      value: 1
      objectReference: {fileID: 0}
    - target: {fileID: 4261997677231284909}
      propertyPath: m_LocalScale.y
      value: 1
      objectReference: {fileID: 0}
    - target: {fileID: 4261997677231284909}
      propertyPath: m_LocalScale.z
      value: 0.99999994
      objectReference: {fileID: 0}
    - target: {fileID: 1931013375996574522}
      propertyPath: m_Color.r
      value: 0.3647059
      objectReference: {fileID: 0}
    - target: {fileID: 1931013375996574522}
      propertyPath: m_Color.g
      value: 0.67058825
      objectReference: {fileID: 0}
    - target: {fileID: 1931013375996574522}
      propertyPath: m_Color.b
      value: 0.9058824
      objectReference: {fileID: 0}
    - target: {fileID: 4487556689159150702, guid: a62bd41daf015eb4098917a7d387ab43,
        type: 3}
      propertyPath: m_Name
      value: Leaf I (S) (2/2)
      objectReference: {fileID: 0}
    - target: {fileID: 4487556689159150608, guid: a62bd41daf015eb4098917a7d387ab43,
        type: 3}
      propertyPath: m_LocalRotation.x
      value: -0
      objectReference: {fileID: 0}
    - target: {fileID: 4487556689159150608, guid: a62bd41daf015eb4098917a7d387ab43,
        type: 3}
      propertyPath: m_LocalRotation.y
      value: -0
      objectReference: {fileID: 0}
    - target: {fileID: 4487556689159150608, guid: a62bd41daf015eb4098917a7d387ab43,
        type: 3}
      propertyPath: m_LocalRotation.z
      value: -0
      objectReference: {fileID: 0}
    - target: {fileID: 4487556689159150608, guid: a62bd41daf015eb4098917a7d387ab43,
        type: 3}
      propertyPath: m_LocalPosition.x
      value: -1.047
      objectReference: {fileID: 0}
    - target: {fileID: 4487556689159150608, guid: a62bd41daf015eb4098917a7d387ab43,
        type: 3}
      propertyPath: m_LocalPosition.y
      value: 1.0470002
      objectReference: {fileID: 0}
    - target: {fileID: 4487556689159150608, guid: a62bd41daf015eb4098917a7d387ab43,
        type: 3}
      propertyPath: m_LocalScale.x
      value: 1
      objectReference: {fileID: 0}
    - target: {fileID: 4487556689159150608, guid: a62bd41daf015eb4098917a7d387ab43,
        type: 3}
      propertyPath: m_LocalScale.y
      value: 1
      objectReference: {fileID: 0}
    - target: {fileID: 4487556689159150608, guid: a62bd41daf015eb4098917a7d387ab43,
        type: 3}
      propertyPath: m_LocalScale.z
      value: 0.99999994
      objectReference: {fileID: 0}
    - target: {fileID: 4487556689159150608, guid: a62bd41daf015eb4098917a7d387ab43,
        type: 3}
      propertyPath: m_RootOrder
      value: 1
      objectReference: {fileID: 0}
    - target: {fileID: 4487556689159150609, guid: a62bd41daf015eb4098917a7d387ab43,
        type: 3}
      propertyPath: m_Color.r
      value: 0.3647059
      objectReference: {fileID: 0}
    - target: {fileID: 4487556689159150609, guid: a62bd41daf015eb4098917a7d387ab43,
        type: 3}
      propertyPath: m_Color.g
      value: 0.67058825
      objectReference: {fileID: 0}
    - target: {fileID: 4487556689159150609, guid: a62bd41daf015eb4098917a7d387ab43,
        type: 3}
      propertyPath: m_Color.b
      value: 0.9058824
      objectReference: {fileID: 0}
    m_RemovedComponents: []
  m_SourcePrefab: {fileID: 100100000, guid: a62bd41daf015eb4098917a7d387ab43, type: 3}
--- !u!4 &2084351941673299469 stripped
Transform:
  m_CorrespondingSourceObject: {fileID: 4487556689159150608, guid: a62bd41daf015eb4098917a7d387ab43,
    type: 3}
  m_PrefabInstance: {fileID: 2497837549701526045}
  m_PrefabAsset: {fileID: 0}
