%YAML 1.1
%TAG !u! tag:unity3d.com,2011:
--- !u!1 &1319442124235818755
GameObject:
  m_ObjectHideFlags: 0
  m_CorrespondingSourceObject: {fileID: 0}
  m_PrefabInstance: {fileID: 0}
  m_PrefabAsset: {fileID: 0}
  serializedVersion: 6
  m_Component:
  - component: {fileID: 8446446977057182434}
  - component: {fileID: 3442922929487743373}
  - component: {fileID: 8259779358081601636}
  - component: {fileID: 8293988444985963267}
  - component: {fileID: 7876441570140245469}
  m_Layer: 0
  m_Name: FadeScreen
  m_TagString: FadeScreen
  m_Icon: {fileID: 0}
  m_NavMeshLayer: 0
  m_StaticEditorFlags: 0
  m_IsActive: 1
--- !u!224 &8446446977057182434
RectTransform:
  m_ObjectHideFlags: 0
  m_CorrespondingSourceObject: {fileID: 0}
  m_PrefabInstance: {fileID: 0}
  m_PrefabAsset: {fileID: 0}
  m_GameObject: {fileID: 1319442124235818755}
  m_LocalRotation: {x: -0, y: -0, z: -0, w: 1}
  m_LocalPosition: {x: 0, y: 0, z: 0}
  m_LocalScale: {x: 1.2493262, y: 1.2493262, z: 1.2493262}
  m_Children: []
  m_Father: {fileID: 1348516787324836376}
  m_RootOrder: 2
  m_LocalEulerAnglesHint: {x: 0, y: 0, z: 0}
  m_AnchorMin: {x: 0.5, y: 0.5}
  m_AnchorMax: {x: 0.5, y: 0.5}
  m_AnchoredPosition: {x: 69.4, y: -0.000015258789}
  m_SizeDelta: {x: 1244.6, y: 480}
  m_Pivot: {x: 0.5, y: 0.5}
--- !u!222 &3442922929487743373
CanvasRenderer:
  m_ObjectHideFlags: 0
  m_CorrespondingSourceObject: {fileID: 0}
  m_PrefabInstance: {fileID: 0}
  m_PrefabAsset: {fileID: 0}
  m_GameObject: {fileID: 1319442124235818755}
  m_CullTransparentMesh: 0
--- !u!114 &8259779358081601636
MonoBehaviour:
  m_ObjectHideFlags: 0
  m_CorrespondingSourceObject: {fileID: 0}
  m_PrefabInstance: {fileID: 0}
  m_PrefabAsset: {fileID: 0}
  m_GameObject: {fileID: 1319442124235818755}
  m_Enabled: 1
  m_EditorHideFlags: 0
  m_Script: {fileID: -765806418, guid: f70555f144d8491a825f0804e09c671c, type: 3}
  m_Name: 
  m_EditorClassIdentifier: 
  m_Material: {fileID: 0}
  m_Color: {r: 0, g: 0, b: 0, a: 1}
  m_RaycastTarget: 0
  m_OnCullStateChanged:
    m_PersistentCalls:
      m_Calls: []
    m_TypeName: UnityEngine.UI.MaskableGraphic+CullStateChangedEvent, UnityEngine.UI,
      Version=1.0.0.0, Culture=neutral, PublicKeyToken=null
  m_Sprite: {fileID: 10907, guid: 0000000000000000f000000000000000, type: 0}
  m_Type: 1
  m_PreserveAspect: 0
  m_FillCenter: 1
  m_FillMethod: 4
  m_FillAmount: 1
  m_FillClockwise: 1
  m_FillOrigin: 0
  m_UseSpriteMesh: 0
--- !u!225 &8293988444985963267
CanvasGroup:
  m_ObjectHideFlags: 0
  m_CorrespondingSourceObject: {fileID: 0}
  m_PrefabInstance: {fileID: 0}
  m_PrefabAsset: {fileID: 0}
  m_GameObject: {fileID: 1319442124235818755}
  m_Enabled: 1
  m_Alpha: 0
  m_Interactable: 0
  m_BlocksRaycasts: 0
  m_IgnoreParentGroups: 0
--- !u!210 &7876441570140245469
SortingGroup:
  m_ObjectHideFlags: 0
  m_CorrespondingSourceObject: {fileID: 0}
  m_PrefabInstance: {fileID: 0}
  m_PrefabAsset: {fileID: 0}
  m_GameObject: {fileID: 1319442124235818755}
  m_Enabled: 1
  m_SortingLayerID: 0
  m_SortingLayer: 0
  m_SortingOrder: 0
--- !u!1 &1348516787324836372
GameObject:
  m_ObjectHideFlags: 0
  m_CorrespondingSourceObject: {fileID: 0}
  m_PrefabInstance: {fileID: 0}
  m_PrefabAsset: {fileID: 0}
  serializedVersion: 6
  m_Component:
  - component: {fileID: 1348516787324836376}
  - component: {fileID: 1348516787324836377}
  - component: {fileID: 1348516787324836378}
  - component: {fileID: 1348516787324836379}
  m_Layer: 5
  m_Name: Canvas
  m_TagString: Shop Canvas
  m_Icon: {fileID: 0}
  m_NavMeshLayer: 0
  m_StaticEditorFlags: 0
  m_IsActive: 1
--- !u!224 &1348516787324836376
RectTransform:
  m_ObjectHideFlags: 0
  m_CorrespondingSourceObject: {fileID: 0}
  m_PrefabInstance: {fileID: 0}
  m_PrefabAsset: {fileID: 0}
  m_GameObject: {fileID: 1348516787324836372}
  m_LocalRotation: {x: 0, y: 0, z: 0, w: 1}
  m_LocalPosition: {x: 0, y: 0, z: 0}
  m_LocalScale: {x: 0, y: 0, z: 0}
  m_Children:
  - {fileID: 3731014592926411377}
  - {fileID: 535816882051273755}
  - {fileID: 8446446977057182434}
  m_Father: {fileID: 0}
  m_RootOrder: 0
  m_LocalEulerAnglesHint: {x: 0, y: 0, z: 0}
  m_AnchorMin: {x: 0, y: 0}
  m_AnchorMax: {x: 0, y: 0}
  m_AnchoredPosition: {x: 0, y: 0}
  m_SizeDelta: {x: 0, y: 0}
  m_Pivot: {x: 0, y: 0}
--- !u!223 &1348516787324836377
Canvas:
  m_ObjectHideFlags: 0
  m_CorrespondingSourceObject: {fileID: 0}
  m_PrefabInstance: {fileID: 0}
  m_PrefabAsset: {fileID: 0}
  m_GameObject: {fileID: 1348516787324836372}
  m_Enabled: 1
  serializedVersion: 3
  m_RenderMode: 0
  m_Camera: {fileID: 0}
  m_PlaneDistance: 100
  m_PixelPerfect: 0
  m_ReceivesEvents: 1
  m_OverrideSorting: 0
  m_OverridePixelPerfect: 0
  m_SortingBucketNormalizedSize: 0
  m_AdditionalShaderChannelsFlag: 25
  m_SortingLayerID: 0
  m_SortingOrder: 0
  m_TargetDisplay: 0
--- !u!114 &1348516787324836378
MonoBehaviour:
  m_ObjectHideFlags: 0
  m_CorrespondingSourceObject: {fileID: 0}
  m_PrefabInstance: {fileID: 0}
  m_PrefabAsset: {fileID: 0}
  m_GameObject: {fileID: 1348516787324836372}
  m_Enabled: 1
  m_EditorHideFlags: 0
  m_Script: {fileID: 1980459831, guid: f70555f144d8491a825f0804e09c671c, type: 3}
  m_Name: 
  m_EditorClassIdentifier: 
  m_UiScaleMode: 1
  m_ReferencePixelsPerUnit: 100
  m_ScaleFactor: 1
  m_ReferenceResolution: {x: 800, y: 600}
  m_ScreenMatchMode: 1
  m_MatchWidthOrHeight: 0
  m_PhysicalUnit: 3
  m_FallbackScreenDPI: 96
  m_DefaultSpriteDPI: 96
  m_DynamicPixelsPerUnit: 1
--- !u!114 &1348516787324836379
MonoBehaviour:
  m_ObjectHideFlags: 0
  m_CorrespondingSourceObject: {fileID: 0}
  m_PrefabInstance: {fileID: 0}
  m_PrefabAsset: {fileID: 0}
  m_GameObject: {fileID: 1348516787324836372}
  m_Enabled: 1
  m_EditorHideFlags: 0
  m_Script: {fileID: 1301386320, guid: f70555f144d8491a825f0804e09c671c, type: 3}
  m_Name: 
  m_EditorClassIdentifier: 
  m_IgnoreReversedGraphics: 1
  m_BlockingObjects: 0
  m_BlockingMask:
    serializedVersion: 2
    m_Bits: 4294967295
--- !u!114 &3296438994484209425
MonoBehaviour:
  m_ObjectHideFlags: 0
  m_CorrespondingSourceObject: {fileID: 0}
  m_PrefabInstance: {fileID: 0}
  m_PrefabAsset: {fileID: 0}
  m_GameObject: {fileID: 3731014592926411376}
  m_Enabled: 1
  m_EditorHideFlags: 0
  m_Script: {fileID: 11500000, guid: 2e1e59c8883e89542b8e5b8469b736c9, type: 3}
  m_Name: 
  m_EditorClassIdentifier: 
  character: {fileID: 0}
  controller: {fileID: 0}
  meshBodyText: {fileID: 0}
  meshCharisText: {fileID: 0}
  meshIntText: {fileID: 0}
  meshWillText: {fileID: 0}
--- !u!1001 &535816882171627178
PrefabInstance:
  m_ObjectHideFlags: 0
  serializedVersion: 2
  m_Modification:
    m_TransformParent: {fileID: 1348516787324836376}
    m_Modifications:
    - target: {fileID: 153981617, guid: 1e4d6b5500866aa41888cd4881414c89, type: 3}
      propertyPath: m_LocalPosition.x
      value: 0
      objectReference: {fileID: 0}
    - target: {fileID: 153981617, guid: 1e4d6b5500866aa41888cd4881414c89, type: 3}
      propertyPath: m_LocalPosition.y
      value: 0
      objectReference: {fileID: 0}
    - target: {fileID: 153981617, guid: 1e4d6b5500866aa41888cd4881414c89, type: 3}
      propertyPath: m_LocalPosition.z
      value: 0
      objectReference: {fileID: 0}
    - target: {fileID: 153981617, guid: 1e4d6b5500866aa41888cd4881414c89, type: 3}
      propertyPath: m_LocalRotation.x
      value: -0
      objectReference: {fileID: 0}
    - target: {fileID: 153981617, guid: 1e4d6b5500866aa41888cd4881414c89, type: 3}
      propertyPath: m_LocalRotation.y
      value: -0
      objectReference: {fileID: 0}
    - target: {fileID: 153981617, guid: 1e4d6b5500866aa41888cd4881414c89, type: 3}
      propertyPath: m_LocalRotation.z
      value: -0
      objectReference: {fileID: 0}
    - target: {fileID: 153981617, guid: 1e4d6b5500866aa41888cd4881414c89, type: 3}
      propertyPath: m_LocalRotation.w
      value: 1
      objectReference: {fileID: 0}
    - target: {fileID: 153981617, guid: 1e4d6b5500866aa41888cd4881414c89, type: 3}
      propertyPath: m_RootOrder
      value: 1
      objectReference: {fileID: 0}
    - target: {fileID: 153981617, guid: 1e4d6b5500866aa41888cd4881414c89, type: 3}
      propertyPath: m_LocalEulerAnglesHint.x
      value: 0
      objectReference: {fileID: 0}
    - target: {fileID: 153981617, guid: 1e4d6b5500866aa41888cd4881414c89, type: 3}
      propertyPath: m_LocalEulerAnglesHint.y
      value: 0
      objectReference: {fileID: 0}
    - target: {fileID: 153981617, guid: 1e4d6b5500866aa41888cd4881414c89, type: 3}
      propertyPath: m_LocalEulerAnglesHint.z
      value: 0
      objectReference: {fileID: 0}
    - target: {fileID: 153981617, guid: 1e4d6b5500866aa41888cd4881414c89, type: 3}
      propertyPath: m_AnchoredPosition.x
      value: -6.5
      objectReference: {fileID: 0}
    - target: {fileID: 153981617, guid: 1e4d6b5500866aa41888cd4881414c89, type: 3}
      propertyPath: m_AnchoredPosition.y
      value: -6.0625
      objectReference: {fileID: 0}
    - target: {fileID: 153981617, guid: 1e4d6b5500866aa41888cd4881414c89, type: 3}
      propertyPath: m_SizeDelta.x
      value: 98.83
      objectReference: {fileID: 0}
    - target: {fileID: 153981617, guid: 1e4d6b5500866aa41888cd4881414c89, type: 3}
      propertyPath: m_SizeDelta.y
      value: 88.92
      objectReference: {fileID: 0}
    - target: {fileID: 153981617, guid: 1e4d6b5500866aa41888cd4881414c89, type: 3}
      propertyPath: m_AnchorMin.x
      value: 0.72375
      objectReference: {fileID: 0}
    - target: {fileID: 153981617, guid: 1e4d6b5500866aa41888cd4881414c89, type: 3}
      propertyPath: m_AnchorMin.y
      value: 0.35355684
      objectReference: {fileID: 0}
    - target: {fileID: 153981617, guid: 1e4d6b5500866aa41888cd4881414c89, type: 3}
      propertyPath: m_AnchorMax.x
      value: 1
      objectReference: {fileID: 0}
    - target: {fileID: 153981617, guid: 1e4d6b5500866aa41888cd4881414c89, type: 3}
      propertyPath: m_AnchorMax.y
      value: 0.7976736
      objectReference: {fileID: 0}
    - target: {fileID: 153981617, guid: 1e4d6b5500866aa41888cd4881414c89, type: 3}
      propertyPath: m_Pivot.x
      value: 0.5
      objectReference: {fileID: 0}
    - target: {fileID: 153981617, guid: 1e4d6b5500866aa41888cd4881414c89, type: 3}
      propertyPath: m_Pivot.y
      value: 0.5
      objectReference: {fileID: 0}
    - target: {fileID: 4859720849758485453, guid: 1e4d6b5500866aa41888cd4881414c89,
        type: 3}
      propertyPath: m_Name
      value: Shop Inventory
      objectReference: {fileID: 0}
    - target: {fileID: 721697577973653751, guid: 1e4d6b5500866aa41888cd4881414c89,
        type: 3}
      propertyPath: m_AnchoredPosition.x
      value: 91.896
      objectReference: {fileID: 0}
    - target: {fileID: 721697577973653751, guid: 1e4d6b5500866aa41888cd4881414c89,
        type: 3}
      propertyPath: m_AnchoredPosition.y
      value: -67.5
      objectReference: {fileID: 0}
    - target: {fileID: 1803326761802473785, guid: 1e4d6b5500866aa41888cd4881414c89,
        type: 3}
      propertyPath: m_AnchorMin.x
      value: 0
      objectReference: {fileID: 0}
    - target: {fileID: 1803326761802473785, guid: 1e4d6b5500866aa41888cd4881414c89,
        type: 3}
      propertyPath: m_AnchorMax.x
      value: 0
      objectReference: {fileID: 0}
    - target: {fileID: 1803326761802473785, guid: 1e4d6b5500866aa41888cd4881414c89,
        type: 3}
      propertyPath: m_AnchoredPosition.x
      value: 53
      objectReference: {fileID: 0}
    - target: {fileID: 1803326761802473785, guid: 1e4d6b5500866aa41888cd4881414c89,
        type: 3}
      propertyPath: m_AnchoredPosition.y
      value: -30
      objectReference: {fileID: 0}
    - target: {fileID: 1803326761802473785, guid: 1e4d6b5500866aa41888cd4881414c89,
        type: 3}
      propertyPath: m_SizeDelta.x
      value: 42.1
      objectReference: {fileID: 0}
    - target: {fileID: 1803326761802473785, guid: 1e4d6b5500866aa41888cd4881414c89,
        type: 3}
      propertyPath: m_SizeDelta.y
      value: 35.5
      objectReference: {fileID: 0}
    - target: {fileID: 2624334114548848816, guid: 1e4d6b5500866aa41888cd4881414c89,
        type: 3}
      propertyPath: m_AnchoredPosition.x
      value: 474.97
      objectReference: {fileID: 0}
    - target: {fileID: 2624334114548848816, guid: 1e4d6b5500866aa41888cd4881414c89,
        type: 3}
      propertyPath: m_AnchoredPosition.y
      value: -205.56
      objectReference: {fileID: 0}
    - target: {fileID: 2624334114548848816, guid: 1e4d6b5500866aa41888cd4881414c89,
        type: 3}
      propertyPath: m_Pivot.x
      value: 6.093949
      objectReference: {fileID: 0}
    - target: {fileID: 2624334114548848816, guid: 1e4d6b5500866aa41888cd4881414c89,
        type: 3}
      propertyPath: m_Pivot.y
      value: -4.644143
      objectReference: {fileID: 0}
    - target: {fileID: 3400285303991092446, guid: 1e4d6b5500866aa41888cd4881414c89,
        type: 3}
      propertyPath: m_AnchorMin.x
      value: 0
      objectReference: {fileID: 0}
    - target: {fileID: 3400285303991092446, guid: 1e4d6b5500866aa41888cd4881414c89,
        type: 3}
      propertyPath: m_AnchorMax.x
      value: 0
      objectReference: {fileID: 0}
    - target: {fileID: 3400285303991092446, guid: 1e4d6b5500866aa41888cd4881414c89,
        type: 3}
      propertyPath: m_AnchoredPosition.x
      value: 53
      objectReference: {fileID: 0}
    - target: {fileID: 3400285303991092446, guid: 1e4d6b5500866aa41888cd4881414c89,
        type: 3}
      propertyPath: m_AnchoredPosition.y
      value: -96.48499
      objectReference: {fileID: 0}
    - target: {fileID: 3400285303991092446, guid: 1e4d6b5500866aa41888cd4881414c89,
        type: 3}
      propertyPath: m_SizeDelta.x
      value: 42.1
      objectReference: {fileID: 0}
    - target: {fileID: 3400285303991092446, guid: 1e4d6b5500866aa41888cd4881414c89,
        type: 3}
      propertyPath: m_SizeDelta.y
      value: 35.5
      objectReference: {fileID: 0}
    - target: {fileID: 4576857866475578597, guid: 1e4d6b5500866aa41888cd4881414c89,
        type: 3}
      propertyPath: m_AnchoredPosition.x
      value: 91.896
      objectReference: {fileID: 0}
    - target: {fileID: 4576857866475578597, guid: 1e4d6b5500866aa41888cd4881414c89,
        type: 3}
      propertyPath: m_AnchoredPosition.y
      value: -117.18
      objectReference: {fileID: 0}
    - target: {fileID: 5946170947212631429, guid: 1e4d6b5500866aa41888cd4881414c89,
        type: 3}
      propertyPath: m_AnchorMin.x
      value: 0
      objectReference: {fileID: 0}
    - target: {fileID: 5946170947212631429, guid: 1e4d6b5500866aa41888cd4881414c89,
        type: 3}
      propertyPath: m_AnchorMax.x
      value: 0
      objectReference: {fileID: 0}
    - target: {fileID: 5946170947212631429, guid: 1e4d6b5500866aa41888cd4881414c89,
        type: 3}
      propertyPath: m_AnchoredPosition.x
      value: 53
      objectReference: {fileID: 0}
    - target: {fileID: 5946170947212631429, guid: 1e4d6b5500866aa41888cd4881414c89,
        type: 3}
      propertyPath: m_AnchoredPosition.y
      value: 110
      objectReference: {fileID: 0}
    - target: {fileID: 5946170947212631429, guid: 1e4d6b5500866aa41888cd4881414c89,
        type: 3}
      propertyPath: m_SizeDelta.x
      value: 42.1
      objectReference: {fileID: 0}
    - target: {fileID: 5946170947212631429, guid: 1e4d6b5500866aa41888cd4881414c89,
        type: 3}
      propertyPath: m_SizeDelta.y
      value: 35.5
      objectReference: {fileID: 0}
    - target: {fileID: 7467958686005888597, guid: 1e4d6b5500866aa41888cd4881414c89,
        type: 3}
      propertyPath: m_AnchorMin.x
      value: 0
      objectReference: {fileID: 0}
    - target: {fileID: 7467958686005888597, guid: 1e4d6b5500866aa41888cd4881414c89,
        type: 3}
      propertyPath: m_AnchorMax.x
      value: 0
      objectReference: {fileID: 0}
    - target: {fileID: 7467958686005888597, guid: 1e4d6b5500866aa41888cd4881414c89,
        type: 3}
      propertyPath: m_AnchoredPosition.x
      value: 53
      objectReference: {fileID: 0}
    - target: {fileID: 7467958686005888597, guid: 1e4d6b5500866aa41888cd4881414c89,
        type: 3}
      propertyPath: m_AnchoredPosition.y
      value: 39
      objectReference: {fileID: 0}
    - target: {fileID: 7467958686005888597, guid: 1e4d6b5500866aa41888cd4881414c89,
        type: 3}
      propertyPath: m_SizeDelta.x
      value: 42.1
      objectReference: {fileID: 0}
    - target: {fileID: 7467958686005888597, guid: 1e4d6b5500866aa41888cd4881414c89,
        type: 3}
      propertyPath: m_SizeDelta.y
      value: 35.5
      objectReference: {fileID: 0}
    - target: {fileID: 8651343248365258605, guid: 1e4d6b5500866aa41888cd4881414c89,
        type: 3}
      propertyPath: m_AnchoredPosition.x
      value: 11.8
      objectReference: {fileID: 0}
    - target: {fileID: 8651343248365258605, guid: 1e4d6b5500866aa41888cd4881414c89,
        type: 3}
      propertyPath: m_AnchoredPosition.y
      value: -89.971
      objectReference: {fileID: 0}
    - target: {fileID: 1570126656850959257, guid: 1e4d6b5500866aa41888cd4881414c89,
        type: 3}
      propertyPath: m_AnchoredPosition.x
      value: 0.000038146973
      objectReference: {fileID: 0}
    - target: {fileID: 1570126656850959257, guid: 1e4d6b5500866aa41888cd4881414c89,
        type: 3}
      propertyPath: m_AnchoredPosition.y
      value: 0.000009536743
      objectReference: {fileID: 0}
    - target: {fileID: 328320937445876660, guid: 1e4d6b5500866aa41888cd4881414c89,
        type: 3}
      propertyPath: m_fontSize
      value: 10
      objectReference: {fileID: 0}
    - target: {fileID: 328320937445876660, guid: 1e4d6b5500866aa41888cd4881414c89,
        type: 3}
      propertyPath: m_fontSizeBase
      value: 10
      objectReference: {fileID: 0}
    - target: {fileID: 3830809255388550867, guid: 1e4d6b5500866aa41888cd4881414c89,
        type: 3}
      propertyPath: m_Constraint
      value: 1
      objectReference: {fileID: 0}
    - target: {fileID: 9143321596982253560, guid: 1e4d6b5500866aa41888cd4881414c89,
        type: 3}
      propertyPath: m_text
      value: '200

'
      objectReference: {fileID: 0}
    - target: {fileID: 9143321596982253560, guid: 1e4d6b5500866aa41888cd4881414c89,
        type: 3}
      propertyPath: m_textInfo.characterCount
      value: 4
      objectReference: {fileID: 0}
    - target: {fileID: 9143321596982253560, guid: 1e4d6b5500866aa41888cd4881414c89,
        type: 3}
      propertyPath: m_textInfo.spaceCount
      value: 1
      objectReference: {fileID: 0}
    m_RemovedComponents: []
  m_SourcePrefab: {fileID: 100100000, guid: 1e4d6b5500866aa41888cd4881414c89, type: 3}
--- !u!224 &535816882051273755 stripped
RectTransform:
  m_CorrespondingSourceObject: {fileID: 153981617, guid: 1e4d6b5500866aa41888cd4881414c89,
    type: 3}
  m_PrefabInstance: {fileID: 535816882171627178}
  m_PrefabAsset: {fileID: 0}
--- !u!1001 &1348516787725937924
PrefabInstance:
  m_ObjectHideFlags: 0
  serializedVersion: 2
  m_Modification:
    m_TransformParent: {fileID: 1348516787324836376}
    m_Modifications:
    - target: {fileID: 2409952323051931508, guid: 0afb515c67515e240906002ea6168c7a,
        type: 3}
      propertyPath: m_Name
      value: CharacterStatsTab
      objectReference: {fileID: 0}
    - target: {fileID: 2409952323051931509, guid: 0afb515c67515e240906002ea6168c7a,
        type: 3}
      propertyPath: m_LocalPosition.x
      value: 0
      objectReference: {fileID: 0}
    - target: {fileID: 2409952323051931509, guid: 0afb515c67515e240906002ea6168c7a,
        type: 3}
      propertyPath: m_LocalPosition.y
      value: 0
      objectReference: {fileID: 0}
    - target: {fileID: 2409952323051931509, guid: 0afb515c67515e240906002ea6168c7a,
        type: 3}
      propertyPath: m_LocalPosition.z
      value: 0
      objectReference: {fileID: 0}
    - target: {fileID: 2409952323051931509, guid: 0afb515c67515e240906002ea6168c7a,
        type: 3}
      propertyPath: m_LocalRotation.x
      value: 0
      objectReference: {fileID: 0}
    - target: {fileID: 2409952323051931509, guid: 0afb515c67515e240906002ea6168c7a,
        type: 3}
      propertyPath: m_LocalRotation.y
      value: 0
      objectReference: {fileID: 0}
    - target: {fileID: 2409952323051931509, guid: 0afb515c67515e240906002ea6168c7a,
        type: 3}
      propertyPath: m_LocalRotation.z
      value: 0
      objectReference: {fileID: 0}
    - target: {fileID: 2409952323051931509, guid: 0afb515c67515e240906002ea6168c7a,
        type: 3}
      propertyPath: m_LocalRotation.w
      value: 1
      objectReference: {fileID: 0}
    - target: {fileID: 2409952323051931509, guid: 0afb515c67515e240906002ea6168c7a,
        type: 3}
      propertyPath: m_RootOrder
      value: 0
      objectReference: {fileID: 0}
    - target: {fileID: 2409952323051931509, guid: 0afb515c67515e240906002ea6168c7a,
        type: 3}
      propertyPath: m_LocalEulerAnglesHint.x
      value: 0
      objectReference: {fileID: 0}
    - target: {fileID: 2409952323051931509, guid: 0afb515c67515e240906002ea6168c7a,
        type: 3}
      propertyPath: m_LocalEulerAnglesHint.y
      value: 0
      objectReference: {fileID: 0}
    - target: {fileID: 2409952323051931509, guid: 0afb515c67515e240906002ea6168c7a,
        type: 3}
      propertyPath: m_LocalEulerAnglesHint.z
      value: 0
      objectReference: {fileID: 0}
    - target: {fileID: 2409952323051931509, guid: 0afb515c67515e240906002ea6168c7a,
        type: 3}
      propertyPath: m_AnchoredPosition.x
      value: 3
      objectReference: {fileID: 0}
    - target: {fileID: 2409952323051931509, guid: 0afb515c67515e240906002ea6168c7a,
        type: 3}
      propertyPath: m_AnchoredPosition.y
      value: -3
      objectReference: {fileID: 0}
    - target: {fileID: 2409952323051931509, guid: 0afb515c67515e240906002ea6168c7a,
        type: 3}
      propertyPath: m_SizeDelta.x
      value: 8.099976
      objectReference: {fileID: 0}
    - target: {fileID: 2409952323051931509, guid: 0afb515c67515e240906002ea6168c7a,
        type: 3}
      propertyPath: m_SizeDelta.y
      value: 9
      objectReference: {fileID: 0}
    - target: {fileID: 2409952323051931509, guid: 0afb515c67515e240906002ea6168c7a,
        type: 3}
      propertyPath: m_AnchorMin.x
      value: 0.72375
      objectReference: {fileID: 0}
    - target: {fileID: 2409952323051931509, guid: 0afb515c67515e240906002ea6168c7a,
        type: 3}
      propertyPath: m_AnchorMin.y
      value: 0.03332955
      objectReference: {fileID: 0}
    - target: {fileID: 2409952323051931509, guid: 0afb515c67515e240906002ea6168c7a,
        type: 3}
      propertyPath: m_AnchorMax.x
      value: 0.98625
      objectReference: {fileID: 0}
    - target: {fileID: 2409952323051931509, guid: 0afb515c67515e240906002ea6168c7a,
        type: 3}
      propertyPath: m_AnchorMax.y
      value: 0.35355684
      objectReference: {fileID: 0}
    - target: {fileID: 2409952323051931509, guid: 0afb515c67515e240906002ea6168c7a,
        type: 3}
      propertyPath: m_Pivot.x
      value: 1
      objectReference: {fileID: 0}
    - target: {fileID: 2409952323051931509, guid: 0afb515c67515e240906002ea6168c7a,
        type: 3}
      propertyPath: m_Pivot.y
      value: 0
      objectReference: {fileID: 0}
    - target: {fileID: 2182560772170060444, guid: 0afb515c67515e240906002ea6168c7a,
        type: 3}
      propertyPath: m_AnchoredPosition.x
      value: -33.9
      objectReference: {fileID: 0}
    - target: {fileID: 2182560772170060444, guid: 0afb515c67515e240906002ea6168c7a,
        type: 3}
      propertyPath: m_AnchoredPosition.y
      value: 18
      objectReference: {fileID: 0}
    - target: {fileID: 2182560772170060444, guid: 0afb515c67515e240906002ea6168c7a,
        type: 3}
      propertyPath: m_SizeDelta.x
      value: 43.7
      objectReference: {fileID: 0}
    - target: {fileID: 2182560772170060444, guid: 0afb515c67515e240906002ea6168c7a,
        type: 3}
      propertyPath: m_SizeDelta.y
      value: -164.21
      objectReference: {fileID: 0}
    - target: {fileID: 2182560772170060444, guid: 0afb515c67515e240906002ea6168c7a,
        type: 3}
      propertyPath: m_Pivot.x
      value: 1
      objectReference: {fileID: 0}
    - target: {fileID: 6537659519996114034, guid: 0afb515c67515e240906002ea6168c7a,
        type: 3}
      propertyPath: m_AnchoredPosition.x
      value: -33.900055
      objectReference: {fileID: 0}
    - target: {fileID: 6537659519996114034, guid: 0afb515c67515e240906002ea6168c7a,
        type: 3}
      propertyPath: m_AnchoredPosition.y
      value: -47.6
      objectReference: {fileID: 0}
    - target: {fileID: 6537659519996114034, guid: 0afb515c67515e240906002ea6168c7a,
        type: 3}
      propertyPath: m_SizeDelta.x
      value: 43.7
      objectReference: {fileID: 0}
    - target: {fileID: 6537659519996114034, guid: 0afb515c67515e240906002ea6168c7a,
        type: 3}
      propertyPath: m_SizeDelta.y
      value: -159.68
      objectReference: {fileID: 0}
    - target: {fileID: 6537659519996114034, guid: 0afb515c67515e240906002ea6168c7a,
        type: 3}
      propertyPath: m_Pivot.x
      value: 1
      objectReference: {fileID: 0}
    - target: {fileID: 4886779996731992010, guid: 0afb515c67515e240906002ea6168c7a,
        type: 3}
      propertyPath: m_AnchoredPosition.x
      value: -33.900055
      objectReference: {fileID: 0}
    - target: {fileID: 4886779996731992010, guid: 0afb515c67515e240906002ea6168c7a,
        type: 3}
      propertyPath: m_AnchoredPosition.y
      value: 50.269997
      objectReference: {fileID: 0}
    - target: {fileID: 4886779996731992010, guid: 0afb515c67515e240906002ea6168c7a,
        type: 3}
      propertyPath: m_SizeDelta.x
      value: 43.7
      objectReference: {fileID: 0}
    - target: {fileID: 4886779996731992010, guid: 0afb515c67515e240906002ea6168c7a,
        type: 3}
      propertyPath: m_SizeDelta.y
      value: -164.21
      objectReference: {fileID: 0}
    - target: {fileID: 4886779996731992010, guid: 0afb515c67515e240906002ea6168c7a,
        type: 3}
      propertyPath: m_Pivot.x
      value: 1
      objectReference: {fileID: 0}
    - target: {fileID: 9050328851137262197, guid: 0afb515c67515e240906002ea6168c7a,
        type: 3}
      propertyPath: m_AnchoredPosition.x
      value: -33.900047
      objectReference: {fileID: 0}
    - target: {fileID: 9050328851137262197, guid: 0afb515c67515e240906002ea6168c7a,
        type: 3}
      propertyPath: m_AnchoredPosition.y
      value: -14.300003
      objectReference: {fileID: 0}
    - target: {fileID: 9050328851137262197, guid: 0afb515c67515e240906002ea6168c7a,
        type: 3}
      propertyPath: m_SizeDelta.x
      value: 43.7
      objectReference: {fileID: 0}
    - target: {fileID: 9050328851137262197, guid: 0afb515c67515e240906002ea6168c7a,
        type: 3}
      propertyPath: m_SizeDelta.y
      value: -163.08
      objectReference: {fileID: 0}
    - target: {fileID: 9050328851137262197, guid: 0afb515c67515e240906002ea6168c7a,
        type: 3}
      propertyPath: m_Pivot.x
      value: 1
      objectReference: {fileID: 0}
    - target: {fileID: 1996456371968343413, guid: 0afb515c67515e240906002ea6168c7a,
        type: 3}
      propertyPath: m_firstOverflowCharacterIndex
      value: -1
      objectReference: {fileID: 0}
    - target: {fileID: 1836574552067708842, guid: 0afb515c67515e240906002ea6168c7a,
        type: 3}
      propertyPath: m_firstOverflowCharacterIndex
      value: -1
      objectReference: {fileID: 0}
    - target: {fileID: 983119986351236976, guid: 0afb515c67515e240906002ea6168c7a,
        type: 3}
      propertyPath: m_firstOverflowCharacterIndex
      value: -1
      objectReference: {fileID: 0}
    - target: {fileID: 2999889031036545655, guid: 0afb515c67515e240906002ea6168c7a,
        type: 3}
      propertyPath: m_firstOverflowCharacterIndex
      value: -1
      objectReference: {fileID: 0}
    m_RemovedComponents: []
  m_SourcePrefab: {fileID: 100100000, guid: 0afb515c67515e240906002ea6168c7a, type: 3}
--- !u!1 &3731014592926411376 stripped
GameObject:
  m_CorrespondingSourceObject: {fileID: 2409952323051931508, guid: 0afb515c67515e240906002ea6168c7a,
    type: 3}
  m_PrefabInstance: {fileID: 1348516787725937924}
  m_PrefabAsset: {fileID: 0}
--- !u!224 &3731014592926411377 stripped
RectTransform:
  m_CorrespondingSourceObject: {fileID: 2409952323051931509, guid: 0afb515c67515e240906002ea6168c7a,
    type: 3}
  m_PrefabInstance: {fileID: 1348516787725937924}
  m_PrefabAsset: {fileID: 0}
